@article{tancredi2018unified,
  title={{A Unified Framework for De-Duplication and Population Size Estimation}},
  author={Tancredi, Andrea and Steorts, Rebecca and Liseo, Brunero},
  journal={Bayesian Analysis},
  year={2018},
  publisher={International Society for Bayesian Analysis}
}

@article{jacob2017unbiased,
  title={{Unbiased Markov chain Monte Carlo with couplings}},
  author={Jacob, Pierre E and O'Leary, John and Atchad{\'e}, Yves F},
  journal={arXiv preprint arXiv:1708.03625},
  year={2017}
}